<record><leader>00000cas a22000007a 4500</leader><controlfield tag="001">12823856</controlfield><controlfield tag="008">851120c19809999utuwr ne      0    0eng d</controlfield><datafield ind1=" " ind2=" " tag="010"><subfield code="a">sn 85058312 </subfield></datafield><datafield ind1=" " ind2=" " tag="040"><subfield code="a">UNP</subfield><subfield code="b">eng</subfield><subfield code="c">UNP</subfield><subfield code="d">OCLCQ</subfield></datafield><datafield ind1=" " ind2=" " tag="037"><subfield code="b">155 East, 4905 South, Murray, UT 84107</subfield></datafield><datafield ind1=" " ind2=" " tag="042"><subfield code="a">msc</subfield></datafield><datafield ind1=" " ind2="4" tag="050"><subfield code="a">AN2.U8</subfield><subfield code="b">.W47</subfield></datafield><datafield ind1="0" ind2="0" tag="245"><subfield code="a">West Valley view :</subfield><subfield code="b">the green sheet.</subfield></datafield><datafield ind1="1" ind2="7" tag="246"><subfield code="a">Green sheet</subfield></datafield><datafield ind1="1" ind2="3" tag="246"><subfield code="a">Jordan Valley sentinel</subfield><subfield code="g">West Valley view ed.</subfield><subfield code="f">&lt;Jan. 16-Mar. 1986</subfield></datafield><datafield ind1=" " ind2=" " tag="260"><subfield code="a">Salt Lake City, Utah :</subfield><subfield code="b">Diversified Suburban Newspapers,</subfield><subfield code="c">1980-</subfield></datafield><datafield ind1=" " ind2=" " tag="300"><subfield code="a">v. :</subfield><subfield code="b">ill. ;</subfield><subfield code="c">58 cm.</subfield></datafield><datafield ind1=" " ind2=" " tag="310"><subfield code="a">Weekly</subfield></datafield><datafield ind1="0" ind2=" " tag="362"><subfield code="a">Vol. 26, no. 28 (July 17, 1980)-</subfield></datafield><datafield ind1=" " ind2=" " tag="500"><subfield code="a">Sometimes published as: Jordan Valley sentinel, West Valley view ed., &lt;Jan. 16-Mar. 1986&gt;.</subfield></datafield><datafield ind1=" " ind2=" " tag="500"><subfield code="a">"The voice of West Valley City, Utah."</subfield></datafield><datafield ind1=" " ind2=" " tag="500"><subfield code="a">Place of publication variously cited as Salt Lake City, Utah and Murray, Utah although the street address remains the same.</subfield></datafield><datafield ind1=" " ind2=" " tag="752"><subfield code="a">United States</subfield><subfield code="b">Utah</subfield><subfield code="c">Salt Lake</subfield><subfield code="d">Salt Lake City.</subfield></datafield><datafield ind1=" " ind2=" " tag="752"><subfield code="a">United States</subfield><subfield code="b">Utah</subfield><subfield code="c">Salt Lake</subfield><subfield code="d">Murray.</subfield></datafield><datafield ind1=" " ind2=" " tag="752"><subfield code="a">United States</subfield><subfield code="b">Utah</subfield><subfield code="c">Salt Lake</subfield><subfield code="d">West Valley City.</subfield></datafield><datafield ind1="0" ind2="0" tag="780"><subfield code="t">Valley view news</subfield><subfield code="w">(DLC)sn 85058311</subfield><subfield code="w">(OCoLC)12823778</subfield></datafield></record>